<?xml version="1.0" encoding="UTF-8"?>
<collection xmlns:xsi="http://www.w3.org/2001/XMLSchema-instance" xsi:schemaLocation="http://www.loc.gov/MARC21/slim http://www.loc.gov/standards/marcxml/schema/MARC21slim.xsd" xmlns="http://www.loc.gov/MARC21/slim">
<record>
  <leader>00802nam a22002051  4500</leader>
  <controlfield tag="001">866954</controlfield>
  <controlfield tag="003">NNC</controlfield>
  <controlfield tag="005">20030428212834.0</controlfield>
  <controlfield tag="008">890720m19061907ua            000 0 ara d</controlfield>
  <datafield tag="035" ind1=" " ind2=" ">
    <subfield code="a">(OCoLC)ocm20047149</subfield>
  </datafield>
  <datafield tag="035" ind1=" " ind2=" ">
    <subfield code="9">AES0429CU</subfield>
  </datafield>
  <datafield tag="040" ind1=" " ind2=" ">
    <subfield code="a">EYW</subfield>
    <subfield code="c">EYW</subfield>
    <subfield code="d">ZCU</subfield>
  </datafield>
  <datafield tag="090" ind1=" " ind2=" ">
    <subfield code="a">B753.I24</subfield>
    <subfield code="b">M2</subfield>
  </datafield>
  <datafield tag="100" ind1="0" ind2=" ">
    <subfield code="a">Ibn al-ʻArabī,</subfield>
    <subfield code="d">1165-1240.</subfield>
  </datafield>
  <datafield tag="240" ind1="1" ind2="0">
    <subfield code="a">Muḥādarāt al-abrār wa-musāmarat al-akhyār fī al-adabīyāt wa-al-nawādir wa-al-akhbār</subfield>
  </datafield>
  <datafield tag="245" ind1="0" ind2="0">
    <subfield code="a">Kitāb muḥāḍarāt al-abrār wa-musāmarat al-akhyār fi al-adabīyāt wa-al-nawādir wa-al-akhbār.</subfield>
  </datafield>
  <datafield tag="260" ind1=" " ind2=" ">
    <subfield code="a">Misr,</subfield>
    <subfield code="b">Matbat al-Saada,</subfield>
    <subfield code="c">1906-[07]</subfield>
  </datafield>
  <datafield tag="300" ind1=" " ind2=" ">
    <subfield code="a">2 v. in 1.</subfield>
    <subfield code="c">23 cm.</subfield>
  </datafield>
  <datafield tag="740" ind1="0" ind2="1">
    <subfield code="a">Muḥāḍarāt al-abrār wa-musāmarāt al-akhyār fī al-adabīyāt wa-al-nawādir wa-al-akhbār.</subfield>
  </datafield>
  <datafield tag="955" ind1=" " ind2=" ">
    <subfield code="b">CU01535005</subfield>
    <subfield code="d">off,glx</subfield>
    <subfield code="e">B753.I24 M2</subfield>
    <subfield code="v">v.1-2</subfield>
  </datafield>
</record>
</collection>